@article{geoquest2002eclipse,
  title={ECLIPSE 100 Technical Description},
  author={GeoQuest, Schlumberger},
  journal={Houston, Tex},
  year={2002}
}

@article{todd1972development,
  title={The development, testing, and application of a numerical simulator for predicting miscible flood performance},
  author={Todd, MR and Longstaff, WJ and others},
  journal={Journal of Petroleum Technology},
  volume={24},
  number={07},
  pages={874--882},
  year={1972},
  publisher={Society of Petroleum Engineers}
}

@misc{petroWiki2017Misc,
  title = {Miscible flooding},
  howpublished = {\url{http://petrowiki.org/Miscible_flooding}},
  note = {Accessed: 2017-06-13}
}

@inproceedings{krogstad2015mrst,
  title={MRST-AD--an open-source framework for rapid prototyping and evaluation of reservoir simulation problems},
  author={Krogstad, Stein and Lie, Knut--Andreas and M{\o}yner, Olav and Nilsen, Halvor M{\o}ll and Raynaud, Xavier and Skaflestad, B{\aa}rd and others},
  booktitle={SPE reservoir simulation symposium},
  year={2015},
  organization={Society of Petroleum Engineers}
}